%@INPROCEEDINGS{smartgrid, 
%author={Hamidi, V. and Smith, K.S. and Wilson, R.C.}, 
%booktitle={Innovative Smart Grid Technologies Conference Europe (ISGT Europe), 2010 IEEE PES}, 
%title={Smart Grid technology review within the Transmission and Distribution sector}, 
%year={2010}, 
%month={Oct.}, 
%volume={}, 
%number={}, 
%pages={1 -8}, 
%keywords={electric power generation;power distribution reliability;power transmission reliability;smart grid;distributed power generation;power distribution reliability;power transmission reliability;smart power grids;}, 
%doi={10.1109/ISGTEUROPE.2010.5638950}, 
%ISSN={}}
%
%@ONLINE{online,
%author = {Doe, Ringo},
%title = {This is a test entry of type {@ONLINE}},
%month = {Junio},
%year = {2009},
%url = {http://www.test.org/doe/}
%}
%
%@phdthesis { Bdo,
%	author 		={Bernardo Severino}, 
%	title		={Modelación de Generador Fotovoltaico y Banco de Baterías de Plomo Ácido como elementos de una Microrred},
%	school		={Universidad de Chile, Facultad de Ciencias Físicas y Matemáticas},
%	year		={2011},
%	type		={Memoria (Título Ingeniero Civil Electricista)},
%	address		={Santiago, Chile},
%	month		={Agosto},
%	language    ={spanish},
%
%}
%
%@INPROCEEDINGS{Palma,
%author={Palma-Behnke, R. and Benavides, C. and Aranda, E. and Llanos, J. and Saez, D.},
%booktitle={Computational Intelligence Applications In Smart Grid (CIASG), 2011 IEEE Symposium on}, 
%title={Energy management system for a renewable based microgrid with a demand side management mechanism},
%year={2011},
%month={Abril},
%volume={},
%number={},
%pages={1-8},
%keywords={},
%doi={10.1109/CIASG.2011.5953338},
%ISSN={},
%language={spanish},
%}
%
%@InBook{ Chowdhury,
%	author		={S.Chowdhury And S.P. Chowdhury And P. Crossley},
%	title		={Microgrids and Active Distribution Networks},
%	chapter		={1 and 4},
%	publisher	={The Institution of Engineering and Technology},
%	year		={2009},
%	volume		={6},	
%	series		={Renewable Energy Series},	
%	address		={London, United Kingdom},	
%	edition		={},	
%	month		={},
%	language    ={spanish},	
%}
%@Article{ Lasseter,
%	author		={Robert H. Lasseter},
%	title		={Microgrids and Distributed Generation},
%	journal		={Energy Engineering},
%	year		={2007},
%	volume		={},
%	number		={},
%	pages		={},
%	month		={},
%	language    ={spanish},
%}
%@InBook{ Focus,
%	author		={Paul Breeze},
%	title		={Renewable Energy Focus Handbook},
%	chapter		={3},
%	publisher	={Elsevier Ltd},
%	year		={2009},
%	volume		={6},	
%	series		={},	
%	address		={Oxford, United Kingdom},	
%	edition		={},	
%	month		={},
%	language    ={spanish},	
%}
%
%@BOOK{ Nelles,
%	author		={Oliver Nelles},
%	title		={Nonlinear System Identification},
%	publisher	={Springer},
%	year		={2001},
%	volume		={},	
%	series		={},	
%	address		={London, United Kingdom},	
%	edition		={},	
%	month		={},
%	language    ={spanish},	
%}
%@TechReport{ Gonzales,
%	author		={G.D. Gonzáles},
%	title		={Identificación de Sistemas},	
%	institution	={Universidad de Chile},
%	year		={2000},
%	type		={Apunte curso EM728-1},
%	number		={},
%	address		={Santiago, Chile},
%	month		={Semestre Otoño},
%	language    ={spanish},
%}
%@INBOOK{ Ljung,
%	author		={Lennart Ljnug},
%	title		={System Identification Theory for the User},
%	chapter		={1},
%	publisher	={Prentice Hall},
%	year		={1999},
%	volume		={},	
%	series		={},	
%	address		={United States of America},	
%	edition		={2nd},	
%	month		={},
%	language    ={spanish},	
%}

%%%%%%%%%%%%%%%%%%% region ONLINE %%%%%%%%%%%%%%%%%%%


@ONLINE{online_reactionCommerce,
	author = {Eric Dobbertin},
	title = {Reaction Commerce},
	year = {2014},
	url = {https://reactioncommerce.com/}
}


@ONLINE{online_Traider,
	author = {Eastpoint Software},
	title = {traider},
	language={english},
	month = {Noviembre},
	year = {2014},
	url = {http://traider.io/}
}

@ONLINE{online_NodeShop,
	author = {Billy Topley},
	title = {NodeShop},
	language={english},
	month = {Noviembre},
	year = {2014},
	url = {http://nodeshop.org/}
}

@ONLINE{online_Forward,
	author = {},
	title = {Forward},
	language={english},
	month = {Noviembre},
	year = {2014},
	url = {http://getfwd.com/}
}

@ONLINE{online_total_sales_2000_2012,
	author = {statista},
	title = {E-commerce as percentage of total retail sales in the United States from 2000 to 2012},
	language={english},
	month = {Enero},
	year = {2015},
	url = {http://www.statista.com/statistics/185351/share-of-e-commerce-in-total-value-of-us-retail-wholesale-trade-sales/}
}

@ONLINE{online_meteor_documentation,
	author = {\meteor Development Group},
	title = {\meteor Documentation},
	language={english},
	month = {Enero},
	year = {2015},
	url = {http://docs.meteor.com/#/basic/}
}

@ONLINE{online_meteor_documentation_why,
	author = {Meteorpedia},
	title = {Why \meteor?},
	language={english},
	month = {Enero},
	year = {2015},
	url = {http://www.meteorpedia.com/read/Why_Meteor}
}

@ONLINE{online_meteor_cross_platform,
	author = {Meteorpedia},
	title = {Running your app on \android or \ios},
	language={english},
	month = {Enero},
	year = {2015},
	url = {https://www.meteor.com/try/7}
}

@ONLINE{online_db_engines_ranking,
	author = {DB-Engines},
	title = {DB-Engines Ranking},
	language={english},
	month = {Enero},
	year = {2015},
	url = {http://db-engines.com/en/ranking}
}

@ONLINE{online_dispelling_myths,
	author = { Robin Schumacher \& Arjen Lentz},
	title = {Dispelling the Myths},
	language={english},
	month = {Enero},
	year = {2015},
	url = {http://web.archive.org/web/20110606013619/http://dev.mysql.com/tech-resources/articles/dispelling-the-myths.html}
}

@ONLINE{online_video_introduction_sqlite,
	author = { D. Richard Hipp },
	title = {Introduction to \sqlite},
	language={english},
	month = {Enero},
	year = {2015},
	url = {https://www.youtube.com/watch?v=f428dSRkTs4#t=48m15s}
}

@ONLINE{online_commodity_hardware_def,
	author = {Margaret Rouse},
	title = {Commodity Hardware},
	language={english},
	month = {Enero},
	year = {2015},
	url = {http://whatis.techtarget.com/definition/commodity-hardware}
}

@ONLINE{online_cassandra_multi_def,
	author = {Joaquin Csares},
	title = {Multi-datacenter Replication in Cassandra},
	language={english},
	month = {Febrero},
	year = {2015},
	url = {http://www.datastax.com/dev/blog/multi-datacenter-replication}
}

@ONLINE{online_cassandra_multi_def,
	author = {Margaret Rouse},
	title = {Asynchronous Replication},
	language={english},
	month = {Febrero},
	year = {2015},
	url = {http://searchdatabackup.techtarget.com/definition/asynchronous-replication}
}

@ONLINE{online_redis_website,
	author = {},
	title = {Redis},
	language={english},
	month = {Febrero},
	year = {2015},
	url = {http://redis.io/}
}

@ONLINE{online_dbengines_solr_info,
	author = {DB-Engines},
	title = {Article Solr},
	language={english},
	month = {Febrero},
	year = {2015},
	url = {http://db-engines.com/en/article/Search+Engines}
}


%%%%%%%%%%%%%%%%%%% endregion ONLINE %%%%%%%%%%%%%%%%%%%

%%%%%%%%%%%%%%%%%%% region Tecnologías %%%%%%%%%%%%%%%%%%%

@ONLINE{technology_meteor,
	author = {},
	title = {Meteor},
	language={english},
	month = {Noviembre},
	year = {2014},
	url = {https://www.meteor.com/}
}

@ONLINE{online_technology_emberjs,
	author = {Tilde Inc},
	title = {Ember.js},
	language={english},
	month = {Enero},
	year = {2015},
	url = {http://emberjs.com/}
}

@ONLINE{online_technology_backbone,
	author = {Jeremy Ashkenas},
	title = {Backbone.js},
	language={english},
	month = {Enero},
	year = {2015},
	url = {http://backbonejs.org/}
}

@ONLINE{online_technology_php,
	author = {PHP Group},
	title = {PHP},
	language={english},
	month = {Enero},
	year = {2015},
	url = {http://php.net/}
}

@ONLINE{online_technology_rubyonrails,
	author = {PHP Group},
	title = {Ruby on Rails},
	language={english},
	month = {Enero},
	year = {2015},
	url = {http://rubyonrails.org/}
}

@ONLINE{online_technology_apache,
	author = {The Apache Software Foundation},
	title = {Apache},
	language={english},
	month = {Enero},
	year = {2015},
	url = {http://www.apache.org/}
}


@ONLINE{technology_angularjs,
	author = {Google},
	title = {AngularJs},
	language={english},
	month = {Noviembre},
	year = {2014},
	url = {https://angularjs.org/}
}

@ONLINE{technology_mongodb,
	author = {},
	title = {MongoDB},
	language={english},
	month = {Noviembre},
	year = {2014},
	url = {http://www.mongodb.org/}
}

@ONLINE{technology_gruntjs,
	author = {},
	title = {Grunt},
	language={english},
	month = {Noviembre},
	year = {2014},
	url = {http://gruntjs.com/}
}

@ONLINE{technology_nodejs,
	author = {},
	title = {Nodejs},
	language={english},
	month = {Noviembre},
	year = {2014},
	url = {http://nodejs.org/}
}

@ONLINE{technology_npm,
	author = {},
	title = {Node Packaged Modules},
	language={english},
	month = {Noviembre},
	year = {2014},
	url = {https://www.npmjs.org/}
}

@ONLINE{technology_coffeescript,
	author = {Jeremy Ashkenas},
	title = {CoffeeScript},
	language={english},
	month = {Noviembre},
	year = {2014},
	url = {http://coffeescript.org/}
}

@ONLINE{technology_bootstrap,
	author = {},
	title = {Bootstrap},
	language={english},
	month = {Noviembre},
	year = {2014},
	url = {http://getbootstrap.com/}
}

@ONLINE{technology_docker,
	author = {Docker, Inc},
	title = {Docker},
	language={english},
	month = {Noviembre},
	year = {2014},
	url = {https://www.docker.com/}
}

@ONLINE{online_technology_officialsite_tomcat,
	author = {The Apache Software Foundation},
	title = {\apacheNAME \tomcatNAME},
	language={english},
	month = {Febrero},
	year = {2015},
	url = {http://tomcat.apache.org/}
}

@ONLINE{online_book_django_developmentpattern,
	author = {Adrian Holovaty, Jacob Kaplan-Moss},
	title = {The Django Book},
	language={english},
	month = {Febrero},
	year = {2015},
	url = {http://www.djangobook.com/en/2.0/chapter05.html#the-mtv-or-mvc-development-pattern}
}

@ONLINE{online_technology_mozilla_javascript,
	author = {mozilla},
	title = {JavaScript},
	language={english},
	month = {Febrero},
	year = {2015},
	url = {https://developer.mozilla.org/en-US/docs/Web/JavaScript}
}

@ONLINE{online_technology_mozilla_javascript,
	author = {Oracle},
	title = {Java},
	language={english},
	month = {Febrero},
	year = {2015},
	url = {http://www.java.com/}
}


%%%%%%%%%%%%%%%%%%% endregion Tecnologías %%%%%%%%%%%%%%%%%%%

%%%%%%%%%%%%%%%%%%% region Sites %%%%%%%%%%%%%%%%%%%

@ONLINE{online_OpenCartWebsite,
	author = {},
	title = {OpenCart Website},
	language={english},
	month = {Noviembre},
	year = {2014},
	url = {http://www.opencart.com/}
}

@ONLINE{online_PrestaShop,
	author = {},
	title = {PrestaShop Website},
	language={english},
	month = {Noviembre},
	year = {2014},
	url = {http://www.prestashop.com/}
}

@ONLINE{online_SmartyTemplateEngine,
	author = {},
	title = {Smarty Template engine Website},
	language={english},
	month = {Noviembre},
	year = {2014},
	url = {http://www.smarty.net/}
}

@ONLINE{online_Magento,
	author = {},
	title = {Magento Community Edition Website},
	language={english},
	month = {Noviembre},
	year = {2014},
	url = {http://www.magentocommerce.com/download}
}

@ONLINE{online_ZenCart,
	author = {},
	title = {Zen Cart Website},
	language={english},
	month = {Noviembre},
	year = {2014},
	url = {http://www.zen-cart.com/}
}

@ONLINE{online_SpreeCommerce,
	author = {},
	title = {Spree Commerce Website},
	language={english},
	month = {Noviembre},
	year = {2014},
	url = {http://spreecommerce.com/}
}

@ONLINE{online_Chipotle,
	author = {},
	title = {Chipotle Website},
	language={english},
	month = {Noviembre},
	year = {2014},
	url = {http://www.chipotle.com/}
}

@ONLINE{online_DrupalCommerce,
	author = {},
	title = {Drupal Commerce Website},
	language={english},
	month = {Noviembre},
	year = {2014},
	url = {https://drupalcommerce.org/}
}

@ONLINE{online_osCommerce,
	author = {},
	title = {osCommerce Website},
	language={english},
	month = {Noviembre},
	year = {2014},
	url = {http://www.oscommerce.com/}
}

@ONLINE{online_simpleCart,
	author = {},
	title = {simpleCart Website},
	language={english},
	month = {Noviembre},
	year = {2014},
	url = {http://simplecartjs.org/}
}

@ONLINE{online_WooCommerce,
	author = {},
	title = {WooCommerce Website},
	language={english},
	month = {Noviembre},
	year = {2014},
	url = {http://www.woothemes.com/woocommerce/}
}

@ONLINE{online_CodeCanyon,
	author = {},
	title = {CodeCanyon Website},
	language={english},
	month = {Noviembre},
	year = {2014},
	url = {http://codecanyon.net/}
}

@ONLINE{online_ThemeForest,
	author = {},
	title = {ThemeForest Website},
	language={english},
	month = {Noviembre},
	year = {2014},
	url = {http://themeforest.net/}
}

@ONLINE{online_wordPress_org,
	author = {},
	title = {WordPress.org Website},
	language={english},
	month = {Noviembre},
	year = {2014},
	url = {https://wordpress.org/}
}

@ONLINE{online_WPECommerce,
	author = {},
	title = {WP e-Commerce Website},
	language={english},
	month = {Noviembre},
	year = {2014},
	url = {http://getshopped.org/}
}

@ONLINE{online_Jigoshop,
	author = {},
	title = {Jigoshop Website},
	language={english},
	month = {Noviembre},
	year = {2014},
	url = {https://www.jigoshop.com/}
}

@ONLINE{online_meaning_outofthebox,
	author = {TechTarget},
	title = {¿ What is out of the box ?},
	language={english},
	month = {Diciembre},
	year = {2014},
	url = {http://searchcio.techtarget.com/definition/out-of-the-box}
}

@ONLINE{online_javascript_sourcemap,
	author = {Sentry},
	title = {JavaScript Source Maps},
	language={english},
	month = {Diciembre},
	year = {2014},
	url = {https://www.getsentry.com/docs/sourcemaps/}
}

@ONLINE{online_mean_io,
	author = {MEAN.io},
	title = {The Friendly & Fun Javascript Fullstack 
for your next web application},
	language={english},
	month = {Diciembre},
	year = {2014},
	url = {http://mean.io/#!/}
}

@ONLINE{online_minimongo,
	author = {mWater},
	title = {Minimongo},
	language={english},
	month = {Diciembre},
	year = {2014},
	url = {https://github.com/mWater/minimongo}
}

%%%%%%%%%%%%%%%%%%% endregion Sites %%%%%%%%%%%%%%%%%%%

%%%%%%%%%%%%%%%%%%% region Chapter 2 %%%%%%%%%%%%%%%%%%%

@Article{article_MongoDB_ECommerce,
author = {Kyle},
title = {MongoDB and E-commerce},
journal = {•},
year = {2010},
OPTkey = {•},
OPTvolume = {•},
OPTnumber = {•},
OPTpages = {•},
OPTmonth = {•},
OPTnote = {•},
OPTannote = {•}
}

@ONLINE{online_mongodb_ecommerce,
	author = {Kyle},
	title = {MongoDB and E-commerce},
	language={english},
	month = {Abril},
	year = {2010},
	url = {http://web.archive.org/web/20110713174947/http://kylebanker.com/blog/2010/04/30/mongodb-and-ecommerce/}
}

@ONLINE{online_ruby_rails,
	author = {},
	title = {Ruby on Rails®},
	language={english},
	month = {Noviembre},
	year = {2014},
	url = {http://rubyonrails.org/}
}

@ONLINE{online_zend_framework,
	author = {},
	title = {Zend Framework},
	language={english},
	month = {Noviembre},
	year = {2014},
	url = {http://framework.zend.com/}
}

@ONLINE{online_ruby_language,
	author = {},
	title = {Ruby},
	language={english},
	month = {Noviembre},
	year = {2014},
	url = {https://www.ruby-lang.org/en/}
}

@ONLINE{online_wordpress,
	author = {},
	title = {WordPress},
	language={english},
	month = {Noviembre},
	year = {2014},
	url = {https://wordpress.org/}
}

@ONLINE{online_drupal,
	author = {},
	title = {Drupal},
	language={english},
	month = {Noviembre},
	year = {2014},
	url = {https://www.drupal.org/}
}

@ONLINE{online_nodejs_paypal,
	author = {Jeff Harrell},
	title = {Node.js at PayPal},
	language={english},
	month = {Noviembre},
	year = {2014},
	url = {https://www.paypal-engineering.com/2013/11/22/node-js-at-paypal/}
}

@ONLINE{online_nodejs_php_loadimpact,
	author = {Load Impact},
	title = {Node.js vs PHP – using Load Impact to visualize node.js efficiency},
	language={english},
	month = {Noviembre},
	year = {2014},
	url = {http://blog.loadimpact.com/2013/02/01/node-js-vs-php-using-load-impact-to-visualize-node-js-efficency/}
}

@ONLINE{online_nodejs_java_dzone,
	author = {},
	title = {Performance Comparison Between Node.js and Java EE},
	language={english},
	month = {Noviembre},
	year = {2014},
	url = {http://java.dzone.com/articles/performance-comparison-between}
}

@ONLINE{online_nodejs_java_appdynamics,
	author = {Jim Hirschauer},
	title = {An example of how Node.js is faster than PHP},
	language={english},
	month = {Noviembre},
	year = {2014},
	url = {http://www.appdynamics.com/blog/nodejs/an-example-of-how-node-js-is-faster-than-php/}
}

@ONLINE{online_github_nodejitsu_forever,
	author = {Charlie Robbins},
	title = {A simple CLI tool for ensuring that a given script runs continuously (i.e. forever)},
	language={english},
	month = {Noviembre},
	year = {2014},
	url = {https://github.com/nodejitsu/forever}
}

@ONLINE{online_nodejs_highprofilecompanies,
	author = {Node.js Team},
	title = {Node plays a critical role in the technology stack of many high-profile companies},
	language={english},
	month = {Diciembre},
	year = {2014},
	url = {http://nodejs.org/industry/}
}

@ONLINE{online_single_point_failure_def,
	author = {techopedia},
	title = {Single Point of Failure (SPOF)},
	language={english},
	month = {Febrero},
	year = {2015},
	url = {http://www.techopedia.com/definition/4351/single-point-of-failure-spof}
}



@ONLINE{online_official_website_solrn,
	author = {author},
	title = {APACHE SOLR™ 4.10},
	language={english},
	month = {Febrero},
	year = {2015},
	url = {http://lucene.apache.org/solr/}
}

@ONLINE{online_java_write_once,
	author = {Computer Weekly},
	title = {Write once, run anywhere?},
	language={english},
	month = {Febrero},
	year = {2015},
	url = {http://www.computerweekly.com/feature/Write-once-run-anywhere}
}

@ONLINE{online_ruby_org,
	author = {},
	title = {Ruby},
	language={english},
	month = {Febrero},
	year = {2015},
	url = {https://www.ruby-lang.org/en/}
}

@ONLINE{online_org_perl_about,
	author = {Perl.org},
	title = {About Perl},
	language={english},
	month = {Febrero},
	year = {2015},
	url = {https://www.perl.org/about.html}
}

@ONLINE{online_org_docs_python_functional,
	author = {},
	title = {Functional Programming HOWTO},
	language={english},
	month = {Febrero},
	year = {2015},
	url = {https://docs.python.org/2/howto/functional.html}
}


@ONLINE{online_id,
	author = {author},
	title = {title},
	language={english},
	month = {Febrero},
	year = {2015},
	url = {url}
}

%%%%%%%%%%%%%%%%%%% endregion Chapter 2 %%%%%%%%%%%%%%%%%%%

%%%%%%%%%%%%%%%%%%% region Apendice %%%%%%%%%%%%%%%%%%%

@InBook{ book_introduction_graph_theory,
	author		={Richard J. Trudeau},
	title		={Introduction to Graph Theory},
	chapter		={},
	publisher	={},
	year		={},
	volume		={},	
	series		={},	
	address		={},	
	edition		={},	
	month		={},
	language    ={english},	
}

@ONLINE{online_hadoop_description,
	author = {IBM},
	title = {What is Hadoop?},
	language={english},
	month = {Diciembre},
	year = {2014},
	url = {http://www-01.ibm.com/software/data/infosphere/hadoop/}
}

@ONLINE{online_ibm_meaning_zookeeper,
	author = {IBM},
	title = {What is ZooKeeper?},
	language={english},
	month = {Diciembre},
	year = {2014},
	url = {http://www-01.ibm.com/software/data/infosphere/hadoop/zookeeper/}
}

@ONLINE{online_ibm_meaning_hive,
	author = {IBM},
	title = {What is Hive?},
	language={english},
	month = {Diciembre},
	year = {2014},
	url = {http://www-01.ibm.com/software/data/infosphere/hadoop/hive/}
}

@ONLINE{online_ibm_meaning_pig,
	author = {IBM},
	title = {What is Pig?},
	language={english},
	month = {Diciembre},
	year = {2014},
	url = {http://www-01.ibm.com/software/data/infosphere/hadoop/pig/}
}

%%%%%%%%%%%%%%%%%%% endregion Apendice %%%%%%%%%%%%%%%%%%%

%%%%%%%%%%%%%%%%%%% region EN LIBRO  %%%%%%%%%%%%%%%%%%%

@InBook{ inbook_osi_reference_model,
	author		={Hubert Zimmermann},
	title		={OSI Reference Model - The ISO Model of Architecture for Open  System Interconection},
	chapter		={},
	publisher	={Wiley-IEEE Press},
	year		={1980},
	volume		={},	
	series		={},	
	address		={},
	pages		={425-432},	
	edition		={},	
	month		={abril},
	language    ={english}
}

@InBook{ inbook_ecommerce_keyelements,
	author		={Ian Daniel},
	title		={\ecommerce Get it Right!},
	chapter		={},
	publisher	={},
	year		={2010},
	volume		={},	
	series		={},	
	address		={},
	pages		={6},	
	edition		={},	
	month		={},
	language    ={english}
}

@incollection{zheng2009fundamentals,
  title={Fundamentals of E-commerce},
  author={Zheng, Qin and Li, Shundong and Han, Yi and Dong, Jinchun and Yan, 	Lixiang and Qin, Jun},
  booktitle={Introduction to E-commerce},
  pages={3--76},
  year={2009},
  publisher={Springer}
}


@book{luhmann1979trust,
  title={Trust; and, Power: two works by Niklas Luhmann},
  author={Luhmann, Niklas and Davis, Howard and Raffan, John and Rooney, Kathryn},
  year={1979},
  publisher={Wiley Chichester}
}

@book{lovins1968development,
  title={Development of a stemming algorithm},
  author={Lovins, Julie B},
  year={1968},
  publisher={MIT Information Processing Group, Electronic Systems Laboratory}
}

%%%%%%%%%%%%%%%%%%% endregion EN LIBRO  %%%%%%%%%%%%%%%%%%%

%%%%%%%%%%%%%%%%%%% region ARTICLE  %%%%%%%%%%%%%%%%%%%
@article{gefen2000commerce,
  title={E-commerce: the role of familiarity and trust},
  author={Gefen, David},
  journal={Omega},
  volume={28},
  number={6},
  pages={725--737},
  year={2000},
  publisher={Elsevier}
}

@article{melnik2002does,
  title={Does a seller’s ecommerce reputation matter? Evidence from eBay auctions},
  author={Melnik, Mikhail I and Alm, James},
  journal={The journal of industrial economics},
  volume={50},
  number={3},
  pages={337--349},
  year={2002},
  publisher={Wiley Online Library}
}

@article{zhang2010crafting,
  title={Crafting integrated multichannel retailing strategies},
  author={Zhang, Jie and Farris, Paul W and Irvin, John W and Kushwaha, Tarun and Steenburgh, Thomas J and Weitz, Barton A},
  journal={Journal of Interactive Marketing},
  volume={24},
  number={2},
  pages={168--180},
  year={2010},
  publisher={Elsevier}
}

@article{rights2002integrating,
  title={Integrating intellectual property rights and development policy},
  author={Rights, Intellectual Property},
  journal={Londres, s{\`e}ptanbr},
  year={2002}
}

@article{fielding2002principled,
  title={Principled design of the modern Web architecture},
  author={Fielding, Roy T and Taylor, Richard N},
  journal={ACM Transactions on Internet Technology (TOIT)},
  volume={2},
  number={2},
  pages={115--150},
  year={2002},
  publisher={ACM}
}

%%%%%%%%%%%%%%%%%%% endregion ARTICLE  %%%%%%%%%%%%%%%%%%%