@GLOSSDEF{ sql,
	word="SQL",
	definition="Structured Query Language"
}

@GLOSSDEF{ nosql,
	word="NoSQL",
	definition="Not Only \gloss{sql}"
}

@GLOSSDEF{ RDBMS,
	word="RDBMS",
	definition="Relational database management system"
}

@GLOSSDEF{ dbms,
	word="DBMS",
	definition="Database management system"
}

@GLOSSDEF{ sku,
	word="SKU",
	definition="Stock-keeping unit"
}

@GLOSSDEF{ ecommerce,
	word="e-Commerce",
	definition="Electronic Commerce"
}

@GLOSSDEF{ json,
	word="JSON",
	definition="JavaScript Object Notation"
}

@GLOSSDEF{ waf,
	word="WAF",
	definition="Web Application Framework"
}